<record><leader>00000cas a22000001a 4500</leader><controlfield tag="001">32794403</controlfield><controlfield tag="007">hd afu---baca</controlfield><controlfield tag="007">hd bfu---baaa</controlfield><controlfield tag="008">950710d182918uunyuwr nea     0    0eng c</controlfield><datafield ind1=" " ind2=" " tag="010"><subfield code="a">sn 94093097 </subfield></datafield><datafield ind1=" " ind2=" " tag="040"><subfield code="a">NN</subfield><subfield code="b">eng</subfield><subfield code="c">RQM</subfield><subfield code="d">OCL</subfield><subfield code="d">OCLCQ</subfield><subfield code="d">OCLCF</subfield><subfield code="d">OCLCO</subfield></datafield><datafield ind1=" " ind2=" " tag="012"><subfield code="i">9507</subfield></datafield><datafield ind1="1" ind2=" " tag="029"><subfield code="a">AU@</subfield><subfield code="b">000025848241</subfield></datafield><datafield ind1=" " ind2=" " tag="042"><subfield code="a">pcc</subfield></datafield><datafield ind1=" " ind2=" " tag="043"><subfield code="a">n-us-ny</subfield></datafield><datafield ind1="0" ind2="0" tag="245"><subfield code="a">Ulster palladium and Anti-Masonic journal</subfield><subfield code="h">[microform].</subfield></datafield><datafield ind1="1" ind2="3" tag="246"><subfield code="a">Palladium and journal</subfield></datafield><datafield ind1=" " ind2=" " tag="260"><subfield code="a">Kingston, N.Y. :</subfield><subfield code="b">P.J. Fish &amp; C. Frary</subfield></datafield><datafield ind1=" " ind2=" " tag="300"><subfield code="a">v.</subfield></datafield><datafield ind1=" " ind2=" " tag="310"><subfield code="a">Weekly</subfield></datafield><datafield ind1="1" ind2=" " tag="362"><subfield code="a">Began with Jan. 28, 1829 issue.</subfield><subfield code="z">Cf. Hamilton, M.W. Anti-Masonic newspapers, 1826-1834.</subfield></datafield><datafield ind1=" " ind2=" " tag="515"><subfield code="a">Various mistakes in issue numbering.</subfield></datafield><datafield ind1=" " ind2=" " tag="588"><subfield code="a">Description based on: New ser., v. 1, no. 4 (Feb. 18, 1829).</subfield></datafield><datafield ind1=" " ind2=" " tag="533"><subfield code="a">Microfilm.</subfield><subfield code="m">Mar. 18,1829-Dec. 2-30,1829:[Gaps]</subfield><subfield code="b">New York :</subfield><subfield code="c">New York Public Library,</subfield><subfield code="d">[19--].</subfield><subfield code="e">microfilm reels ; 35 mm.</subfield></datafield><datafield ind1=" " ind2="0" tag="651"><subfield code="a">Ulster County (N.Y.)</subfield><subfield code="v">Newspapers.</subfield></datafield><datafield ind1=" " ind2="7" tag="655"><subfield code="a">Newspapers.</subfield><subfield code="2">fast</subfield><subfield code="0">(OCoLC)fst01423814</subfield></datafield><datafield ind1=" " ind2="7" tag="651"><subfield code="a">New York (State)</subfield><subfield code="z">Ulster County.</subfield><subfield code="2">fast</subfield><subfield code="0">(OCoLC)fst01207948</subfield></datafield><datafield ind1=" " ind2=" " tag="752"><subfield code="a">United States</subfield><subfield code="b">New York</subfield><subfield code="c">Ulster</subfield><subfield code="d">Kingston.</subfield></datafield><datafield ind1="1" ind2=" " tag="776"><subfield code="c">Original</subfield><subfield code="w">(DLC)sn 85026716</subfield></datafield><datafield ind1="0" ind2="0" tag="780"><subfield code="t">Ulster palladium and manufacturers' journal</subfield></datafield><datafield ind1="0" ind2="0" tag="785"><subfield code="t">Ulster palladium</subfield><subfield code="w">(DLC)sn 94093098</subfield></datafield><datafield ind1=" " ind2=" " tag="850"><subfield code="a">NN</subfield><subfield code="a">NN (master)</subfield></datafield></record>